@article{ Space,
          author = {Name, FirstName},
           title = {Title},
}
