@article{Doe_noyear,
  title={About Assigning Timestamps to Research Articles},
  author={Doe, John},
  journal={Journal Example},
}
