@article{10.1371/journal.pone.0063400,
    author = {Martius, , Georg AND Der, , Ralf AND Ay, , Nihat},
    journal = {PLoS ONE},
    publisher = {Public Library of Science},
    title = {Information Driven Self-Organization of Complex Robotic Behaviors},
}
